@conference{
    shufflearg,
    author="Prastudu Fauzi and Helger Lipmaa and Michal Zajac",
    title="A Shuffle Argument Secure in the Generic Model",
    url="https://eprint.iacr.org/2016/866.pdf"
}

@misc{
    prototype,
    author="Panos Louridas and Dimitris Mitropoulos and Georgios Tsoukalas and Georgios Korfiatis",
    title="Implementation of the shuffle argument",
    url="https://github.com/grnet/ac16"
}

@article{
    numpy,
    author = {Stéfan van der Walt and S. Chris Colbert and Gaël Varoquaux},
    title = {The NumPy Array: A Structure for Efficient Numerical Computation},
    journal = {Computing in Science \& Engineering},
    volume = {13},
    number = {2},
    pages = {22-30},
    year = {2011},
    doi = {10.1109/MCSE.2011.37},
    URL = { 
        http://aip.scitation.org/doi/abs/10.1109/MCSE.2011.37
    },
    eprint = { 
        http://aip.scitation.org/doi/pdf/10.1109/MCSE.2011.37
    }
}

@misc{
    bplib,
    author = "George Danezis",
    title = "A bilinear pairing library for petlib"
}

@misc{
    libsnark,
    author = "SCIPR Lab",
    title = "A C++ library for zkSNARK proofs"
}

\bibitem{libsnark}
SCIPR Lab
\newblock libsnark: a C++ library for zkSNARK proofs
